<?xml version='1.0' encoding='utf-8'?>
<ENVELOPE><HEADER><TALLYREQUEST>Import Data</TALLYREQUEST></HEADER><BODY><IMPORTDATA><REQUESTDESC><REPORTNAME>Vouchers</REPORTNAME><STATICVARIABLES><SVCURRENTCOMPANY>Apparel HQ</SVCURRENTCOMPANY><SVEXPORTFORMAT>$$SysName:XML</SVEXPORTFORMAT></STATICVARIABLES></REQUESTDESC><REQUESTDATA><TALLYMESSAGE xmlns:UDF="TallyUDF"><VOUCHER VCHTYPE="Sales" ACTION="Create"><DATE>20260420</DATE><VOUCHERTYPENAME>Sales</VOUCHERTYPENAME><VOUCHERNUMBER>AP-1001</VOUCHERNUMBER><PARTYLEDGERNAME>Walk-in Customer</PARTYLEDGERNAME><PARTYNAME>Walk-in Customer</PARTYNAME><NARRATION>Counter sale, cash tender</NARRATION><STATEOFSUPPLY>Karnataka</STATEOFSUPPLY><ISINVOICE>Yes</ISINVOICE><ALLINVENTORYENTRIES.LIST><STOCKITEMNAME>Blue Shirt M</STOCKITEMNAME><ISDEEMEDPOSITIVE>No</ISDEEMEDPOSITIVE><RATE>1499.00/Nos</RATE><AMOUNT>1499.00</AMOUNT><ACTUALQTY>1 Nos</ACTUALQTY><BILLEDQTY>1 Nos</BILLEDQTY><HSNCODE>6205</HSNCODE><GSTOVRDNRATE>5</GSTOVRDNRATE></ALLINVENTORYENTRIES.LIST><ALLLEDGERENTRIES.LIST><LEDGERNAME>Sales 5%</LEDGERNAME><ISDEEMEDPOSITIVE>Yes</ISDEEMEDPOSITIVE><AMOUNT>-1427.62</AMOUNT></ALLLEDGERENTRIES.LIST><ALLLEDGERENTRIES.LIST><LEDGERNAME>Output CGST 2.5%</LEDGERNAME><ISDEEMEDPOSITIVE>Yes</ISDEEMEDPOSITIVE><AMOUNT>-35.69</AMOUNT></ALLLEDGERENTRIES.LIST><ALLLEDGERENTRIES.LIST><LEDGERNAME>Output SGST 2.5%</LEDGERNAME><ISDEEMEDPOSITIVE>Yes</ISDEEMEDPOSITIVE><AMOUNT>-35.69</AMOUNT></ALLLEDGERENTRIES.LIST><ALLLEDGERENTRIES.LIST><LEDGERNAME>Cash</LEDGERNAME><ISDEEMEDPOSITIVE>No</ISDEEMEDPOSITIVE><AMOUNT>1499.00</AMOUNT></ALLLEDGERENTRIES.LIST><UDF:APPAREL_SIZES>M</UDF:APPAREL_SIZES><UDF:APPAREL_COLORS>Blue</UDF:APPAREL_COLORS><UDF:APPAREL_SEASONS>SS26</UDF:APPAREL_SEASONS></VOUCHER></TALLYMESSAGE></REQUESTDATA></IMPORTDATA></BODY></ENVELOPE>