<?xml version='1.0' encoding='utf-8'?>
<ENVELOPE><HEADER><TALLYREQUEST>Import Data</TALLYREQUEST></HEADER><BODY><IMPORTDATA><REQUESTDESC><REPORTNAME>Vouchers</REPORTNAME><STATICVARIABLES><SVCURRENTCOMPANY>Apparel HQ</SVCURRENTCOMPANY><SVEXPORTFORMAT>$$SysName:XML</SVEXPORTFORMAT></STATICVARIABLES></REQUESTDESC><REQUESTDATA><TALLYMESSAGE xmlns:UDF="TallyUDF"><VOUCHER VCHTYPE="Sales" ACTION="Create"><DATE>20260420</DATE><VOUCHERTYPENAME>Sales</VOUCHERTYPENAME><VOUCHERNUMBER>AP-1007</VOUCHERNUMBER><PARTYLEDGERNAME>Walk-in Customer</PARTYLEDGERNAME><NARRATION>[MANAGER-OVERRIDE: clearance] Manual markdown applied (store manager override)</NARRATION><STATEOFSUPPLY>Karnataka</STATEOFSUPPLY><ISINVOICE>Yes</ISINVOICE><GSTREGISTRATIONTYPE>Unregistered/Consumer</GSTREGISTRATIONTYPE><ALLINVENTORYENTRIES.LIST><STOCKITEMNAME>White Shirt M</STOCKITEMNAME><ISDEEMEDPOSITIVE>No</ISDEEMEDPOSITIVE><RATE>1349.25/Nos</RATE><AMOUNT>1349.25</AMOUNT><ACTUALQTY>1 Nos</ACTUALQTY><BILLEDQTY>1 Nos</BILLEDQTY><HSNCODE>6205</HSNCODE><GSTOVRDNRATE>5</GSTOVRDNRATE></ALLINVENTORYENTRIES.LIST><ALLLEDGERENTRIES.LIST><LEDGERNAME>Sales 5%</LEDGERNAME><ISDEEMEDPOSITIVE>Yes</ISDEEMEDPOSITIVE><AMOUNT>-1285.00</AMOUNT></ALLLEDGERENTRIES.LIST><ALLLEDGERENTRIES.LIST><LEDGERNAME>Output CGST 2.5%</LEDGERNAME><ISDEEMEDPOSITIVE>Yes</ISDEEMEDPOSITIVE><AMOUNT>-32.13</AMOUNT></ALLLEDGERENTRIES.LIST><ALLLEDGERENTRIES.LIST><LEDGERNAME>Output SGST 2.5%</LEDGERNAME><ISDEEMEDPOSITIVE>Yes</ISDEEMEDPOSITIVE><AMOUNT>-32.12</AMOUNT></ALLLEDGERENTRIES.LIST><ALLLEDGERENTRIES.LIST><LEDGERNAME>Cash</LEDGERNAME><ISDEEMEDPOSITIVE>No</ISDEEMEDPOSITIVE><AMOUNT>1349.25</AMOUNT></ALLLEDGERENTRIES.LIST><UDF:APPAREL_SIZES TYPE="String" ISLIST="No">M</UDF:APPAREL_SIZES><UDF:APPAREL_COLORS TYPE="String" ISLIST="No">White</UDF:APPAREL_COLORS><UDF:APPAREL_SEASONS TYPE="String" ISLIST="No">SS26</UDF:APPAREL_SEASONS><UDF:MARKDOWN_REASON TYPE="String" ISLIST="No">MANAGER-OVERRIDE: clearance</UDF:MARKDOWN_REASON></VOUCHER></TALLYMESSAGE></REQUESTDATA></IMPORTDATA></BODY></ENVELOPE>