<?xml version='1.0' encoding='utf-8'?>
<ENVELOPE><HEADER><TALLYREQUEST>Import Data</TALLYREQUEST></HEADER><BODY><IMPORTDATA><REQUESTDESC><REPORTNAME>Vouchers</REPORTNAME><STATICVARIABLES><SVCURRENTCOMPANY>Apparel HQ</SVCURRENTCOMPANY><SVEXPORTFORMAT>$$SysName:XML</SVEXPORTFORMAT></STATICVARIABLES></REQUESTDESC><REQUESTDATA><TALLYMESSAGE xmlns:UDF="TallyUDF"><VOUCHER VCHTYPE="Sales" ACTION="Create"><DATE>20260420</DATE><VOUCHERTYPENAME>Sales</VOUCHERTYPENAME><VOUCHERNUMBER>AP-1003</VOUCHERNUMBER><PARTYLEDGERNAME>Walk-in Customer</PARTYLEDGERNAME><NARRATION>Counter sale, split cash + UPI + card</NARRATION><STATEOFSUPPLY>Karnataka</STATEOFSUPPLY><ISINVOICE>Yes</ISINVOICE><GSTREGISTRATIONTYPE>Unregistered/Consumer</GSTREGISTRATIONTYPE><ALLINVENTORYENTRIES.LIST><STOCKITEMNAME>White Shirt L</STOCKITEMNAME><ISDEEMEDPOSITIVE>No</ISDEEMEDPOSITIVE><RATE>1799.00/Nos</RATE><AMOUNT>1799.00</AMOUNT><ACTUALQTY>1 Nos</ACTUALQTY><BILLEDQTY>1 Nos</BILLEDQTY><HSNCODE>6205</HSNCODE><GSTOVRDNRATE>5</GSTOVRDNRATE></ALLINVENTORYENTRIES.LIST><ALLINVENTORYENTRIES.LIST><STOCKITEMNAME>Blue Trousers 34</STOCKITEMNAME><ISDEEMEDPOSITIVE>No</ISDEEMEDPOSITIVE><RATE>2499.00/Nos</RATE><AMOUNT>2499.00</AMOUNT><ACTUALQTY>1 Nos</ACTUALQTY><BILLEDQTY>1 Nos</BILLEDQTY><HSNCODE>6203</HSNCODE><GSTOVRDNRATE>12</GSTOVRDNRATE></ALLINVENTORYENTRIES.LIST><ALLLEDGERENTRIES.LIST><LEDGERNAME>Sales 5%</LEDGERNAME><ISDEEMEDPOSITIVE>Yes</ISDEEMEDPOSITIVE><AMOUNT>-1713.33</AMOUNT></ALLLEDGERENTRIES.LIST><ALLLEDGERENTRIES.LIST><LEDGERNAME>Output CGST 2.5%</LEDGERNAME><ISDEEMEDPOSITIVE>Yes</ISDEEMEDPOSITIVE><AMOUNT>-42.84</AMOUNT></ALLLEDGERENTRIES.LIST><ALLLEDGERENTRIES.LIST><LEDGERNAME>Output SGST 2.5%</LEDGERNAME><ISDEEMEDPOSITIVE>Yes</ISDEEMEDPOSITIVE><AMOUNT>-42.83</AMOUNT></ALLLEDGERENTRIES.LIST><ALLLEDGERENTRIES.LIST><LEDGERNAME>Sales 12%</LEDGERNAME><ISDEEMEDPOSITIVE>Yes</ISDEEMEDPOSITIVE><AMOUNT>-2231.25</AMOUNT></ALLLEDGERENTRIES.LIST><ALLLEDGERENTRIES.LIST><LEDGERNAME>Output CGST 6%</LEDGERNAME><ISDEEMEDPOSITIVE>Yes</ISDEEMEDPOSITIVE><AMOUNT>-133.88</AMOUNT></ALLLEDGERENTRIES.LIST><ALLLEDGERENTRIES.LIST><LEDGERNAME>Output SGST 6%</LEDGERNAME><ISDEEMEDPOSITIVE>Yes</ISDEEMEDPOSITIVE><AMOUNT>-133.87</AMOUNT></ALLLEDGERENTRIES.LIST><ALLLEDGERENTRIES.LIST><LEDGERNAME>Cash</LEDGERNAME><ISDEEMEDPOSITIVE>No</ISDEEMEDPOSITIVE><AMOUNT>500.00</AMOUNT></ALLLEDGERENTRIES.LIST><ALLLEDGERENTRIES.LIST><LEDGERNAME>UPI Receivable</LEDGERNAME><ISDEEMEDPOSITIVE>No</ISDEEMEDPOSITIVE><AMOUNT>1500.00</AMOUNT><REFERENCE>UPI-RRN-4480013</REFERENCE></ALLLEDGERENTRIES.LIST><ALLLEDGERENTRIES.LIST><LEDGERNAME>Card Receivable</LEDGERNAME><ISDEEMEDPOSITIVE>No</ISDEEMEDPOSITIVE><AMOUNT>2298.00</AMOUNT><REFERENCE>PINE-987654</REFERENCE></ALLLEDGERENTRIES.LIST><UDF:APPAREL_SIZES TYPE="String" ISLIST="No">34,L</UDF:APPAREL_SIZES><UDF:APPAREL_COLORS TYPE="String" ISLIST="No">Blue,White</UDF:APPAREL_COLORS><UDF:APPAREL_SEASONS TYPE="String" ISLIST="No">SS26</UDF:APPAREL_SEASONS></VOUCHER></TALLYMESSAGE></REQUESTDATA></IMPORTDATA></BODY></ENVELOPE>