<?xml version='1.0' encoding='utf-8'?>
<ENVELOPE><HEADER><TALLYREQUEST>Import Data</TALLYREQUEST></HEADER><BODY><IMPORTDATA><REQUESTDESC><REPORTNAME>Vouchers</REPORTNAME><STATICVARIABLES><SVCURRENTCOMPANY>Apparel HQ</SVCURRENTCOMPANY><SVEXPORTFORMAT>$$SysName:XML</SVEXPORTFORMAT></STATICVARIABLES></REQUESTDESC><REQUESTDATA><TALLYMESSAGE xmlns:UDF="TallyUDF"><VOUCHER VCHTYPE="Sales" ACTION="Create"><DATE>20260420</DATE><VOUCHERTYPENAME>Sales</VOUCHERTYPENAME><VOUCHERNUMBER>AP-1006</VOUCHERNUMBER><PARTYLEDGERNAME>Walk-in Customer</PARTYLEDGERNAME><NARRATION>Multi-line invoice, mixed GST slabs (5/12/18)</NARRATION><STATEOFSUPPLY>Karnataka</STATEOFSUPPLY><ISINVOICE>Yes</ISINVOICE><GSTREGISTRATIONTYPE>Unregistered/Consumer</GSTREGISTRATIONTYPE><ALLINVENTORYENTRIES.LIST><STOCKITEMNAME>Blue Shirt M</STOCKITEMNAME><ISDEEMEDPOSITIVE>No</ISDEEMEDPOSITIVE><RATE>999.00/Nos</RATE><AMOUNT>1998.00</AMOUNT><ACTUALQTY>2 Nos</ACTUALQTY><BILLEDQTY>2 Nos</BILLEDQTY><HSNCODE>6205</HSNCODE><GSTOVRDNRATE>5</GSTOVRDNRATE></ALLINVENTORYENTRIES.LIST><ALLINVENTORYENTRIES.LIST><STOCKITEMNAME>Green Jacket L</STOCKITEMNAME><ISDEEMEDPOSITIVE>No</ISDEEMEDPOSITIVE><RATE>3499.00/Nos</RATE><AMOUNT>3499.00</AMOUNT><ACTUALQTY>1 Nos</ACTUALQTY><BILLEDQTY>1 Nos</BILLEDQTY><HSNCODE>6201</HSNCODE><GSTOVRDNRATE>12</GSTOVRDNRATE></ALLINVENTORYENTRIES.LIST><ALLINVENTORYENTRIES.LIST><STOCKITEMNAME>Leather Bag</STOCKITEMNAME><ISDEEMEDPOSITIVE>No</ISDEEMEDPOSITIVE><RATE>5999.00/Nos</RATE><AMOUNT>5999.00</AMOUNT><ACTUALQTY>1 Nos</ACTUALQTY><BILLEDQTY>1 Nos</BILLEDQTY><HSNCODE>4202</HSNCODE><GSTOVRDNRATE>18</GSTOVRDNRATE></ALLINVENTORYENTRIES.LIST><ALLLEDGERENTRIES.LIST><LEDGERNAME>Sales 5%</LEDGERNAME><ISDEEMEDPOSITIVE>Yes</ISDEEMEDPOSITIVE><AMOUNT>-1902.86</AMOUNT></ALLLEDGERENTRIES.LIST><ALLLEDGERENTRIES.LIST><LEDGERNAME>Output CGST 2.5%</LEDGERNAME><ISDEEMEDPOSITIVE>Yes</ISDEEMEDPOSITIVE><AMOUNT>-47.57</AMOUNT></ALLLEDGERENTRIES.LIST><ALLLEDGERENTRIES.LIST><LEDGERNAME>Output SGST 2.5%</LEDGERNAME><ISDEEMEDPOSITIVE>Yes</ISDEEMEDPOSITIVE><AMOUNT>-47.57</AMOUNT></ALLLEDGERENTRIES.LIST><ALLLEDGERENTRIES.LIST><LEDGERNAME>Sales 12%</LEDGERNAME><ISDEEMEDPOSITIVE>Yes</ISDEEMEDPOSITIVE><AMOUNT>-3124.11</AMOUNT></ALLLEDGERENTRIES.LIST><ALLLEDGERENTRIES.LIST><LEDGERNAME>Output CGST 6%</LEDGERNAME><ISDEEMEDPOSITIVE>Yes</ISDEEMEDPOSITIVE><AMOUNT>-187.45</AMOUNT></ALLLEDGERENTRIES.LIST><ALLLEDGERENTRIES.LIST><LEDGERNAME>Output SGST 6%</LEDGERNAME><ISDEEMEDPOSITIVE>Yes</ISDEEMEDPOSITIVE><AMOUNT>-187.44</AMOUNT></ALLLEDGERENTRIES.LIST><ALLLEDGERENTRIES.LIST><LEDGERNAME>Sales 18%</LEDGERNAME><ISDEEMEDPOSITIVE>Yes</ISDEEMEDPOSITIVE><AMOUNT>-5083.90</AMOUNT></ALLLEDGERENTRIES.LIST><ALLLEDGERENTRIES.LIST><LEDGERNAME>Output CGST 9%</LEDGERNAME><ISDEEMEDPOSITIVE>Yes</ISDEEMEDPOSITIVE><AMOUNT>-457.55</AMOUNT></ALLLEDGERENTRIES.LIST><ALLLEDGERENTRIES.LIST><LEDGERNAME>Output SGST 9%</LEDGERNAME><ISDEEMEDPOSITIVE>Yes</ISDEEMEDPOSITIVE><AMOUNT>-457.55</AMOUNT></ALLLEDGERENTRIES.LIST><ALLLEDGERENTRIES.LIST><LEDGERNAME>Card Receivable</LEDGERNAME><ISDEEMEDPOSITIVE>No</ISDEEMEDPOSITIVE><AMOUNT>11496.00</AMOUNT><REFERENCE>PINE-987655</REFERENCE></ALLLEDGERENTRIES.LIST><UDF:APPAREL_SIZES TYPE="String" ISLIST="No">L,M</UDF:APPAREL_SIZES><UDF:APPAREL_COLORS TYPE="String" ISLIST="No">Blue,Brown,Green</UDF:APPAREL_COLORS><UDF:APPAREL_SEASONS TYPE="String" ISLIST="No">AW26,SS26</UDF:APPAREL_SEASONS></VOUCHER></TALLYMESSAGE></REQUESTDATA></IMPORTDATA></BODY></ENVELOPE>