<?xml version='1.0' encoding='utf-8'?>
<ENVELOPE><HEADER><TALLYREQUEST>Import Data</TALLYREQUEST></HEADER><BODY><IMPORTDATA><REQUESTDESC><REPORTNAME>Vouchers</REPORTNAME><STATICVARIABLES><SVCURRENTCOMPANY>Apparel HQ</SVCURRENTCOMPANY><SVEXPORTFORMAT>$$SysName:XML</SVEXPORTFORMAT></STATICVARIABLES></REQUESTDESC><REQUESTDATA><TALLYMESSAGE xmlns:UDF="TallyUDF"><VOUCHER VCHTYPE="Credit Note" ACTION="Create"><DATE>20260420</DATE><VOUCHERTYPENAME>Credit Note</VOUCHERTYPENAME><VOUCHERNUMBER>CN-1002</VOUCHERNUMBER><REFERENCE>AP-1005</REFERENCE><PARTYLEDGERNAME>Acme Retail Pvt Ltd</PARTYLEDGERNAME><PARTYNAME>Acme Retail Pvt Ltd</PARTYNAME><NARRATION>Credit note against B2B invoice AP-1005 (rate correction)</NARRATION><STATEOFSUPPLY>Karnataka</STATEOFSUPPLY><ISINVOICE>Yes</ISINVOICE><ALLINVENTORYENTRIES.LIST><STOCKITEMNAME>Green Jacket XL</STOCKITEMNAME><ISDEEMEDPOSITIVE>Yes</ISDEEMEDPOSITIVE><RATE>4999.00/Nos</RATE><AMOUNT>-9998.00</AMOUNT><ACTUALQTY>2 Nos</ACTUALQTY><BILLEDQTY>2 Nos</BILLEDQTY><HSNCODE>6201</HSNCODE><GSTOVRDNRATE>12</GSTOVRDNRATE></ALLINVENTORYENTRIES.LIST><ALLLEDGERENTRIES.LIST><LEDGERNAME>Acme Retail Pvt Ltd</LEDGERNAME><ISDEEMEDPOSITIVE>Yes</ISDEEMEDPOSITIVE><AMOUNT>-9998.00</AMOUNT></ALLLEDGERENTRIES.LIST><ALLLEDGERENTRIES.LIST><LEDGERNAME>Sales 12%</LEDGERNAME><ISDEEMEDPOSITIVE>No</ISDEEMEDPOSITIVE><AMOUNT>8926.79</AMOUNT></ALLLEDGERENTRIES.LIST><ALLLEDGERENTRIES.LIST><LEDGERNAME>Output CGST 6%</LEDGERNAME><ISDEEMEDPOSITIVE>No</ISDEEMEDPOSITIVE><AMOUNT>535.61</AMOUNT></ALLLEDGERENTRIES.LIST><ALLLEDGERENTRIES.LIST><LEDGERNAME>Output SGST 6%</LEDGERNAME><ISDEEMEDPOSITIVE>No</ISDEEMEDPOSITIVE><AMOUNT>535.60</AMOUNT></ALLLEDGERENTRIES.LIST><UDF:APPAREL_SIZES>XL</UDF:APPAREL_SIZES><UDF:APPAREL_COLORS>Green</UDF:APPAREL_COLORS><UDF:APPAREL_SEASONS>AW26</UDF:APPAREL_SEASONS></VOUCHER></TALLYMESSAGE></REQUESTDATA></IMPORTDATA></BODY></ENVELOPE>