<?xml version='1.0' encoding='utf-8'?>
<ENVELOPE><HEADER><TALLYREQUEST>Import Data</TALLYREQUEST><TARGETCOMPANY>Apparel HQ</TARGETCOMPANY></HEADER><BODY><IMPORTDATA><REQUESTDESC><REPORTNAME>Vouchers</REPORTNAME><STATICVARIABLES><SVCURRENTCOMPANY>Apparel HQ</SVCURRENTCOMPANY><SVEXPORTFORMAT>$$SysName:XML</SVEXPORTFORMAT></STATICVARIABLES></REQUESTDESC><REQUESTDATA><TALLYMESSAGE xmlns:UDF="TallyUDF"><VOUCHER VCHTYPE="Sales" ACTION="Create"><DATE>20260420</DATE><VOUCHERTYPENAME>Sales</VOUCHERTYPENAME><VOUCHERNUMBER>AP-1002</VOUCHERNUMBER><PARTYLEDGERNAME>Walk-in Customer</PARTYLEDGERNAME><NARRATION>Counter sale, UPI tender</NARRATION><STATEOFSUPPLY>Karnataka</STATEOFSUPPLY><ISINVOICE>Yes</ISINVOICE><GSTREGISTRATIONTYPE>Unregistered/Consumer</GSTREGISTRATIONTYPE><ALLINVENTORYENTRIES.LIST><STOCKITEMNAME>Black Trousers 32</STOCKITEMNAME><ISDEEMEDPOSITIVE>No</ISDEEMEDPOSITIVE><RATE>2299.00/Nos</RATE><AMOUNT>2299.00</AMOUNT><ACTUALQTY>1 Nos</ACTUALQTY><BILLEDQTY>1 Nos</BILLEDQTY><HSNCODE>6203</HSNCODE><GSTOVRDNRATE>12</GSTOVRDNRATE></ALLINVENTORYENTRIES.LIST><ALLLEDGERENTRIES.LIST><LEDGERNAME>Sales 12%</LEDGERNAME><ISDEEMEDPOSITIVE>Yes</ISDEEMEDPOSITIVE><AMOUNT>-2052.68</AMOUNT></ALLLEDGERENTRIES.LIST><ALLLEDGERENTRIES.LIST><LEDGERNAME>Output CGST 6%</LEDGERNAME><ISDEEMEDPOSITIVE>Yes</ISDEEMEDPOSITIVE><AMOUNT>-123.16</AMOUNT></ALLLEDGERENTRIES.LIST><ALLLEDGERENTRIES.LIST><LEDGERNAME>Output SGST 6%</LEDGERNAME><ISDEEMEDPOSITIVE>Yes</ISDEEMEDPOSITIVE><AMOUNT>-123.16</AMOUNT></ALLLEDGERENTRIES.LIST><ALLLEDGERENTRIES.LIST><LEDGERNAME>UPI Receivable</LEDGERNAME><ISDEEMEDPOSITIVE>No</ISDEEMEDPOSITIVE><AMOUNT>2299.00</AMOUNT><REFERENCE>UPI-RRN-4480012</REFERENCE></ALLLEDGERENTRIES.LIST><UDF:APPAREL_SIZES TYPE="String" ISLIST="No">32</UDF:APPAREL_SIZES><UDF:APPAREL_COLORS TYPE="String" ISLIST="No">Black</UDF:APPAREL_COLORS><UDF:APPAREL_SEASONS TYPE="String" ISLIST="No">SS26</UDF:APPAREL_SEASONS></VOUCHER></TALLYMESSAGE></REQUESTDATA></IMPORTDATA></BODY></ENVELOPE>